<marcxml:record xmlns:xlink="http://www.w3.org/1999/xlink" xmlns:marcxml="http://www.loc.gov/MARC21/slim" xmlns:mets="http://www.loc.gov/METS/" xmlns:mxe="http://www.loc.gov/mxe" xmlns:rdf="http://www.w3.org/1999/02/22-rdf-syntax-ns#" xmlns:rdfs="http://www.w3.org/2000/01/rdf-schema#" xmlns:skos="http://www.w3.org/2004/02/skos/core#" xmlns:madsrdf="http://www.loc.gov/mads/rdf/v1#" xmlns:ri="http://id.loc.gov/ontologies/RecordInfo#" xmlns:sem="http://marklogic.com/semantics">
  <marcxml:leader>00502cz  a2200181n  4500</marcxml:leader>
  <marcxml:controlfield tag="001">n83036079</marcxml:controlfield>
  <marcxml:controlfield tag="003">DLC</marcxml:controlfield>
  <marcxml:controlfield tag="005">20100516075518.0</marcxml:controlfield>
  <marcxml:controlfield tag="008">830727n| acannaabn          |a ana      </marcxml:controlfield>
  <marcxml:datafield tag="010" ind1=" " ind2=" ">
    <marcxml:subfield code="a">n  83036079 </marcxml:subfield>
  </marcxml:datafield>
  <marcxml:datafield tag="034" ind1=" " ind2=" ">
    <marcxml:subfield code="d">E0123700</marcxml:subfield>
    <marcxml:subfield code="e">E0123700</marcxml:subfield>
    <marcxml:subfield code="f">N0412700</marcxml:subfield>
    <marcxml:subfield code="g">N0412700</marcxml:subfield>
    <marcxml:subfield code="2">other</marcxml:subfield>
  </marcxml:datafield>
  <marcxml:datafield tag="035" ind1=" " ind2=" ">
    <marcxml:subfield code="a">(OCoLC)oca00925718</marcxml:subfield>
  </marcxml:datafield>
  <marcxml:datafield tag="040" ind1=" " ind2=" ">
    <marcxml:subfield code="a">DLC</marcxml:subfield>
    <marcxml:subfield code="b">eng</marcxml:subfield>
    <marcxml:subfield code="c">DLC</marcxml:subfield>
    <marcxml:subfield code="d">OCoLC</marcxml:subfield>
  </marcxml:datafield>
  <marcxml:datafield tag="043" ind1=" " ind2=" ">
    <marcxml:subfield code="a">e-it---</marcxml:subfield>
  </marcxml:datafield>
  <marcxml:datafield tag="151" ind1=" " ind2=" ">
    <marcxml:subfield code="a">Anzio (Italy)</marcxml:subfield>
  </marcxml:datafield>
  <marcxml:datafield tag="451" ind1=" " ind2=" ">
    <marcxml:subfield code="w">nnaa</marcxml:subfield>
    <marcxml:subfield code="a">Anzio, Italy</marcxml:subfield>
  </marcxml:datafield>
  <marcxml:datafield tag="670" ind1=" " ind2=" ">
    <marcxml:subfield code="a">BGN request 2/24/83</marcxml:subfield>
    <marcxml:subfield code="b">(Anzio, PPL, 41°27ʹN, 12°37ʹE)</marcxml:subfield>
  </marcxml:datafield>
  <marcxml:datafield tag="781" ind1=" " ind2="0">
    <marcxml:subfield code="z">Italy</marcxml:subfield>
    <marcxml:subfield code="z">Anzio</marcxml:subfield>
  </marcxml:datafield>
</marcxml:record>
